@ARTICLE{6517336,
    author={J. Shi and W. Xue and W. Wang and Y. Zhang and B. Yang and J. Li},
    journal={IBM Journal of Research and Development},
    title={{Scalable community detection in massive social networks using MapReduce}},
    year={2013},
    volume={57},
    number={3/4},
    pages={12:1-12:14},
    keywords={Algorithm design and analysis;Clustering algorithms;Data handling;Information management;Information processing;Parallel processing;Social network services},
    doi={10.1147/JRD.2013.2251982},
    ISSN={0018-8646},
    month={May},}
